
@misc{analog_devices_ad8221_2007,
	title = {{AD8221} Precision Instrumentation Amplifier},
	url = {http://www.analog.com/en/amplifiers-and-comparators/instrumentation-amplifiers/ad8221/products/product.html},
	author = {Analog Devices},
	month = sep,
	year = {2007}
},

@article{widmer_dc-balanced_1983,
	title = {A {DC-balanced,} partitioned-block, 8b/10b transmission code},
	journal = {{IBM} Journal of Research and Development},
	author = {Widmer and Franaszek},
	year = {1983}
}
